@IEEEtranBSTCTL{IEEEexample:BSTcontrol,
  CTLuse_forced_etal = {yes},
  CTLmax_names_forced_etal = {3},
  CTLnames_show_etal = {1},
}

# Prior work

@inproceedings{coskun2008,
  author = {Ayse Coskun and Tajana Rosing and Kenny Gross},
  title = {Proactive temperature management in {MPSoCs}},
  booktitle = {International Symposium on Low Power Electronics \& Design},
  pages = {165--170},
  year = {2008},
}

@inproceedings{kumar2010,
  author = {Pratyush Kumar and David Atienza},
  title = {Neural network based on-chip thermal simulator},
  booktitle = {IEEE International Symposium on Circuits and Systems},
  pages = {1599--1602},
  month = {May},
  year = {2010},
}

@article{juan2014,
  author = {Da-Cheng Juan and Siddharth Garg and Diana Marculescu},
  title = {Statistical peak temperature prediction and thermal yield improvement for {3D} chip multiprocessors},
  journal = {ACM Transactions on Design Automation of Electronic Systems},
  volume = {19},
  number = {4},
  pages = {39:1--39:23},
  month = {August},
  year = {2014},
}

@article{cao2014,
  author = {Jian Cao and Jiwen Fu and Minglu Li and Jinjun Chen},
  title = {{CPU} load prediction for cloud environment based on a dynamic ensemble model},
  journal = {Software: Practice and Experience},
  volume = {44},
  number = {7},
  pages = {793--804},
  month = {July},
  year = {2014},
}

@article{dabbagh2015,
  author = {Mehiar Dabbagh and Bechir Hamdaoui and Mohsen Guizani and Ammar Rayes},
  title = {Energy-efficient resource allocation and provisioning framework for cloud data centers},
  journal = {IEEE Transactions on Network and Service Management},
  volume = {12},
  number = {3},
  pages = {377--391},
  month = {September},
  year = {2015},
}

@inproceedings{ismaeel2015,
  author = {Salam Ismaeel and Ali Miri},
  title = {Using {ELM} Techniques to Predict Data Centre {VM} Requests},
  booktitle = {IEEE International Conference on Cyber Security and Cloud Computing},
  month = {November},
  year = {2015},
}

# Present work

@online{sources,
  title = {The source code and input data used in the experiments},
  url = {https://example.com},
  month = {June},
  year = {2017},
}

@article{hochreiter1997,
  author = {Sepp Hochreiter and J\"{u}rgen Schmidhuber},
  title = {Long short-term memory},
  journal = {Neural Computation},
  volume = {9},
  number = {8},
  month = {November},
  year = {1997},
  pages = {1735--1780},
}

@book{hastie2009,
  author = {Trevor Hastie and Robert Tibshirani and Jerome Friedman},
  title = {The elements of statistical learning: data mining, inference, and prediction},
  publisher = {Springer New York},
  edition = {Second},
  year = {2009},
}

@techreport{reiss2011,
  author = {Charles Reiss and John Wilkes and Joseph Hellerstein},
  title = {Google cluster-usage traces: format + schema},
  institution = {Google},
  url = {https://github.com/google/cluster-data},
  month = {November},
  year = {2011},
}

@article{kingma2014,
  author = {Diederik Kingma and Jimmy Ba},
  title = {Adam: a method for stochastic optimization},
  journal = {CoRR},
  volume = {abs/1412.6980},
  year = {2014},
  url = {http://arxiv.org/abs/1412.6980},
}

@article{zaremba2014,
  author = {Wojciech Zaremba and Ilya Sutskever and Oriol Vinyals},
  title = {Recurrent neural network regularization},
  journal = {CoRR},
  volume = {abs/1409.2329},
  year = {2014},
  url = {http://arxiv.org/abs/1409.2329},
}

@inproceedings{ukhov2014,
  author = {Ivan Ukhov and Mattias Villani and Petru Eles and Zebo Peng},
  title = {Statistical analysis of process variation based on indirect measurements for electronic system design},
  booktitle = {ASP-DAC},
  pages = {436--442},
  month = {January},
  year = {2014},
}

@article{abadi2015,
  author = {
    Mart{\'{\i}}n Abadi and
    Ashish Agarwal and
    Paul Barham and
    Eugene Brevdo and
    Zhifeng Chen and
    Craig Citro and
    Gregory Corrado and
    Andy Davis and
    Jeffrey Dean and
    Matthieu Devin and
    Sanjay Ghemawat and
    Ian Goodfellow and
    Andrew Harp and
    Geoffrey Irving and
    Michael Isard and
    Yangqing Jia and
    Rafal J{\'{o}}zefowicz and
    Lukasz Kaiser and
    Manjunath Kudlur and
    Josh Levenberg and
    Dan Man{\'{e}} and
    Rajat Monga and
    Sherry Moore and
    Derek Gordon Murray and
    Chris Olah and
    Mike Schuster and
    Jonathon Shlens and
    Benoit Steiner and
    Ilya Sutskever and
    Kunal Talwar and
    Paul Tucker and
    Vincent Vanhoucke and
    Vijay Vasudevan and
    Fernanda Vi{\'{e}}gas and
    Oriol Vinyals and
    Pete Warden and
    Martin Wattenberg and
    Martin Wicke and
    Yuan Yu and
    Xiaoqiang Zheng
  },
  title = {{TensorFlow}: large-scale machine learning on heterogeneous distributed systems},
  journal = {CoRR},
  volume = {abs/1603.04467},
  year = {2016},
  url = {http://arxiv.org/abs/1603.04467},
}

@book{goodfellow2016,
  author = {Ian Goodfellow and Yoshua Bengio and Aaron Courville},
  title = {Deep learning},
  publisher = {MIT Press},
  year = {2016},
  url = {http://www.deeplearningbook.org},
}

@article{li2016,
  author = {Lisha Li and Kevin Jamieson and Giulia DeSalvo and Afshin Rostamizadeh and Ameet Talwalkar},
  title = {Efficient Hyperparameter Optimization and Infinitely Many Armed Bandits},
  journal = {CoRR},
  volume = {abs/1603.06560},
  year = {2016},
  url = {http://arxiv.org/abs/1603.06560},
}
