@IEEEtranBSTCTL{IEEEexample:BSTcontrol,
  CTLuse_article_number = "no",
  CTLuse_forced_etal = "no",
  CTLmax_names_forced_etal = "100",
  CTLnames_show_etal = "0"
}

@article{li2016,
  author = {Lisha Li and Kevin Jamieson and Giulia DeSalvo and Afshin Rostamizadeh and Ameet Talwalkar},
  title = {Efficient Hyperparameter Optimization and Infinitely Many Armed Bandits},
  journal = {CoRR},
  volume = {abs/1603.06560},
  year = 2016,
  url = {http://arxiv.org/abs/1603.06560},
}

@article{mcmahan2016,
  author = {Brendan McMahan and Eider Moore and Daniel Ramage and Blaise {Ag\"{u}era y Arcas}},
  title = {Federated Learning of Deep Networks using Model Averaging},
  journal = {CoRR},
  volume = {abs/1602.05629},
  year = 2016,
  url = {http://arxiv.org/abs/1602.05629},
}

@techreport{reiss2011,
  author = {Charles Reiss and John Wilkes and Joseph Hellerstein},
  title = {Google cluster-usage traces: format + schema},
  institution = {Google Inc.},
  url = {https://github.com/google/cluster-data},
  year = 2011,
  month = Nov,
}

@online{sources,
  title = {The source code and input data used in the experiments},
  organization = {The Embedded Systems Laboratory at Link\"{o}ping University},
  url = {https://www.ida.liu.se/~ivauk83/research/PRU},
  month = {April},
  year = 2017,
}
